




@Article{lemezo_tac_18,
	author = {T. Le M\'ezo and L. Jaulin and B. Zerr},
	title = {{An interval approach to compute invariant sets}},
	journal = {IEEE Transaction on Automatic Control},
 	pages = {4236-4243},
  	volume= {62},
  	year = 2017
}




@Article{rohouRAS17,
	author = {S. Rohou and L. Jaulin and M. Mihaylova and F. Le Bars and S. Veres},
	title = {{Guaranteed Computation of Robots Trajectories}},
  	pages = {76--84},
  	volume= {93},
	journal = {Robotics and Autonomous Systems},
  	year = 2017
}




@PHDTHESIS{LeBars11,
  author = {Fabrice Le Bars},
  year = 2011,
  title = {Analyse par intervalles pour la localisation et la cartographie simultan\'ees ; Application Ã  la robotique sous-marine},
  address = {Brest, France},
  school = {Universit\'e de Bretagne Occidentale},
  type = {{PhD} dissertation}
}


@book{fossen:guidance,
  address = {New York, NY},
  author = {T. Fossen},
  publisher = {Wiley},
  title = {Guidance and Control of Ocean Vehicles},
  year = 1995
}




@book{fossen:auv,
  author = {T. Fossen},
  publisher = {Marine Cybernetics},
  title = {Marine Control Systems: Guidance, Navigation and Control of Ships, Rigs and Underwater Vehicles},
  year = 2002
}
















 
 







 
